@ARTICLE{4624256,
author={Reed, K.B. and Peshkin, M.A.},
journal={Haptics, IEEE Transactions on},
title={Physical Collaboration of Human-Human and Human-Robot Teams},
year={2008},
month={July},
volume={1},
number={2},
pages={108-120},
keywords={behavioural sciences;haptic interfaces;humanoid robots;man-machine systems;multi-robot systems;disturbance rejection;force profile;haptic Turing test;haptic channel;haptic interaction;human behavior;human haptic communication;human-human interaction;human-robot interaction;human-robot team;nonzero dyadic steady state force;robot partner;Human Haptics;Human performance;Perception and psychophysics;Social communication},
doi={10.1109/TOH.2008.13},
ISSN={1939-1412},}
@INPROCEEDINGS{6631192,
author={Donner, P. and Mortl, A. and Hirche, S. and Buss, M.},
booktitle={Robotics and Automation (ICRA), 2013 IEEE International Conference on},
title={Human-robot cooperative object swinging},
year={2013},
month={May},
pages={4343-4349},
keywords={control engineering computing;human-robot interaction;virtual reality;effort sharing;energy-based control;follower controller;goal-directed cooperative object swinging;goal-directed swing-up task;human-robot cooperative object swinging;human-robot dyads;leader controller;mixed human-human dyads;physical human-robot interaction;virtual reality experiment;Energy states;Haptic interfaces;Robots;Solid modeling;Trajectory;Virtual reality;Visualization},
doi={10.1109/ICRA.2013.6631192},
ISSN={1050-4729},}
@INPROCEEDINGS{5928680,
author={Trafton, J.G.},
booktitle={Collaboration Technologies and Systems (CTS), 2011 International Conference on},
title={The intersection between cognitive robotics and human robot interaction},
year={2011},
month={May},
pages={164-164},
keywords={avatars;human-robot interaction;social sciences computing;avatars;cognitive architecture;cognitive qualities;cognitive robotics;embodied qualities;human robot interaction;robot architecture;social actors;social behavior;social qualities;Computer architecture;Computers;Human robot interaction;Intelligent systems;Laboratories;Presses;Robots},
doi={10.1109/CTS.2011.5928680},}
@INPROCEEDINGS{6595968,
author={Almazan, E.J. and Jones, G.A.},
booktitle={Computer Vision and Pattern Recognition Workshops (CVPRW), 2013 IEEE Conference on},
title={Tracking People across Multiple Non-overlapping RGB-D Sensors},
year={2013},
month={June},
pages={831-837},
keywords={Kalman filters;calibration;image sensors;monitoring;object tracking;video surveillance;3D pixel transformation;Kalman Filter;calibration technique;data binning;mean-shift algorithm;multiple Kinect device;multiple nonoverlapping RGB-D sensor;nonmaxima suppression;people tracking;plan view map;single coordinate system;surveillance system;wide area indoor spaces monitoring;Calibration;Cameras;Image color analysis;Kalman filters;Sensor systems;Target tracking},
doi={10.1109/CVPRW.2013.124},}
@ARTICLE{6778746,
author={Can Wang and Hong Liu and Yuan Gao},
journal={Signal Processing Letters, IEEE},
title={Scene-Adaptive Hierarchical Data Association for Multiple Objects Tracking},
year={2014},
month={June},
volume={21},
number={6},
pages={697-701},
keywords={feature extraction;image representation;object detection;object tracking;sensor fusion;RGB datasets;data association;discriminative target representation;error accumulation;fixed feature selection;multiple objects tracking;multitracking system;network cameras;reliable target representation;scene adaptive hierarchical data association;Cameras;Computational efficiency;Feature extraction;Reliability;Signal processing algorithms;Standards;Target tracking;Data association;multiple objects tracking},
doi={10.1109/LSP.2014.2313853},
ISSN={1070-9908},}
@INPROCEEDINGS{6385772,
author={Munaro, M. and Basso, F. and Menegatti, E.},
booktitle={Intelligent Robots and Systems (IROS), 2012 IEEE/RSJ International Conference on},
title={Tracking people within groups with RGB-D data},
year={2012},
month={Oct},
pages={2101-2107},
keywords={image classification;image sensors;mobile robots;multiprocessing systems;object detection;robot vision;target tracking;CLEAR MOT metrics;ID switches;RGB-D data;RGB-D sensor;depth-based subclustering method;distributed ROS-based CPU implementation;high frame rates;indoor environments;limiting drifts;mobile platforms;mobile robot;online learned appearance classifier;people detection;robust multipeople tracking algorithm;three-term joint likelihood;Cameras;Detectors;Image color analysis;Robot sensing systems;Target tracking},
doi={10.1109/IROS.2012.6385772},
ISSN={2153-0858},}
@INPROCEEDINGS{6328060,
author={Weizhi Nie and Anan Liu and Yuting Su},
booktitle={Advanced Video and Signal-Based Surveillance (AVSS), 2012 IEEE Ninth International Conference on},
title={Multiple Person Tracking by Spatiotemporal Tracklet Association},
year={2012},
month={Sept},
pages={481-486},
keywords={Markov processes;maximum likelihood estimation;motion estimation;object tracking;spatiotemporal phenomena;video surveillance;MAP problem;Markov Chain;PETS 2012 dataset;frame-wise association;maximum a posterior problem;multiple object tracking method;multiple person tracking;object localization;object movement;occlusions;part-based similarity computation;spatiotemporal context constraints;spatiotemporal tracklet association;tracklet generation reliability;trajectory fragment generation reliability;video surveillance;Conferences;Detectors;Humans;Reliability;Spatiotemporal phenomena;Tracking;Trajectory},
doi={10.1109/AVSS.2012.89},}
@INPROCEEDINGS{6595924,
author={Rauter, M.},
booktitle={Computer Vision and Pattern Recognition Workshops (CVPRW), 2013 IEEE Conference on},
title={Reliable Human Detection and Tracking in Top-View Depth Images},
year={2013},
month={June},
pages={529-534},
keywords={cameras;feature extraction;object detection;object tracking;depth images tracking;discriminative class scheme;feature descriptor;head-shoulder candidates;head-shoulder detector;human piggybacking;human tailgating;reliable human detection;top-view camera system;top-view depth images;Cameras;Feature extraction;Head;Histograms;Magnetic heads;Runtime;Support vector machines;3D Vision;Stereo Vision;depth-based Sensing;depth-based descriptor;human counting;human detection;human tracking},
doi={10.1109/CVPRW.2013.84},}
@INPROCEEDINGS{6720536,
author={Du Yong Kim and Ba-Tuong Vo and Ba-Ngu Vo},
booktitle={Control, Automation and Information Sciences (ICCAIS), 2013 International Conference on},
title={Data fusion in 3D vision using a RGB-D data via switching observation model and its application to people tracking},
year={2013},
month={Nov},
pages={91-96},
keywords={belief networks;computer vision;image colour analysis;image fusion;object tracking;set theory;3D indoor data set;3D vision;Bayesian paradigm;RFS;RGB-D data;RGB-D observations;data fusion;detector response;labeled random finite set;people tracking;raw depth signal intensity;red-green-blue-depth data;switching observation model;Data models;Detectors;Solid modeling;Switches;Target tracking;Three-dimensional displays},
doi={10.1109/ICCAIS.2013.6720536},}
@ARTICLE{6544585,
author={Borges, P.V.K. and Conci, N. and Cavallaro, A.},
journal={Circuits and Systems for Video Technology, IEEE Transactions on},
title={Video-Based Human Behavior Understanding: A Survey},
year={2013},
month={Nov},
volume={23},
number={11},
pages={1993-2008},
keywords={behavioural sciences computing;feature extraction;image recognition;video signal processing;3D geometry;computer vision;feature extraction;human detection;human interaction recognition;image processing;industrial safety;machine learning;patient care;signal processing;sports analysis;video-based human behavior understanding;Behavioral science;Computer vision;Feature extraction;Hidden Markov models;Support vector machines;Behavior analysis;computer vision;human detection;video analysis},
doi={10.1109/TCSVT.2013.2270402},
ISSN={1051-8215},}
@INPROCEEDINGS{6766594,
author={Beyl, T. and Nicolai, P. and Raczkowsky, J. and Worn, H. and Comparetti, M.D. and De Momi, E.},
booktitle={Advanced Robotics (ICAR), 2013 16th International Conference on},
title={Multi kinect people detection for intuitive and safe human robot cooperation in the operating room},
year={2013},
month={Nov},
pages={1-6},
keywords={cameras;control engineering computing;human-robot interaction;medical robotics;mobile robots;object detection;surgery;Microsoft Kinect camera;human robot cooperation;mobile robotics;multikinect people detection;occlusions;surgical operating room;Accuracy;Cameras;Collision avoidance;Noise;Robot vision systems;Surgery},
doi={10.1109/ICAR.2013.6766594},}
@INPROCEEDINGS{6095074,
author={Spinello, L. and Arras, K.O.},
booktitle={Intelligent Robots and Systems (IROS), 2011 IEEE/RSJ International Conference on},
title={People detection in RGB-D data},
year={2011},
month={Sept},
pages={3838-3843},
keywords={Cameras;Detectors;Histograms;Measurement;Support vector machines;Three dimensional displays;Visualization},
doi={10.1109/IROS.2011.6095074},
ISSN={2153-0858},}
@INPROCEEDINGS{6130370,
author={Wongun Choi and Pantofaru, C. and Savarese, S.},
booktitle={Computer Vision Workshops (ICCV Workshops), 2011 IEEE International Conference on},
title={Detecting and tracking people using an RGB-D camera via multiple detector fusion},
year={2011},
month={Nov},
pages={1076-1083},
keywords={cameras;image fusion;mobile robots;object detection;object tracking;robot vision;RGB-D camera;indoor robot perception problem;mobile robot;multiple detector fusion;people detection;people tracking;personal robots;red-green-blue;Detectors;Face;Proposals;Robots;Shape;Target tracking;Three dimensional displays},
doi={10.1109/ICCVW.2011.6130370},}
@ARTICLE{6636027,
author={Brscic, D. and Kanda, T. and Ikeda, T. and Miyashita, T.},
journal={Human-Machine Systems, IEEE Transactions on},
title={Person Tracking in Large Public Spaces Using 3-D Range Sensors},
year={2013},
month={Nov},
volume={43},
number={6},
pages={522-534},
keywords={distance measurement;human-robot interaction;sensors;tracking;3D range sensor solutions;3D range sensors;height tracking;human-robot interaction;imperfect sensor measurements;orientation tracking;person tracking;position tracking;shopping center environment;simple-tracking method;Cameras;Laser applications;Robots;Robustness;Sensor phenomena and characterization;Sensor systems;Tracking;3-D range sensors;person tracking},
doi={10.1109/THMS.2013.2283945},
ISSN={2168-2291},}
@article{Schultz:2005:TCR:1052438.1052456,
 author = {Schultz, Alan C. and Trafton, J. Gregory},
 title = {Towards Collaboration with Robots in Shared Space: Spatial Perspective and Frames of Reference},
 journal = {interactions},
 issue_date = {March + April 2005},
 volume = {12},
 number = {2},
 month = mar,
 year = {2005},
 issn = {1072-5520},
 pages = {22--24},
 numpages = {3},
 url = {http://doi.acm.org/10.1145/1052438.1052456},
 doi = {10.1145/1052438.1052456},
 acmid = {1052456},
 publisher = {ACM},
 address = {New York, NY, USA},
}
@article{journals/ijsr/MeadAM13,
  added-at = {2013-08-30T00:00:00.000+0200},
  author = {Mead, Ross and Atrash, Amin and Mataric, Maja J.},
  biburl = {http://www.bibsonomy.org/bibtex/21c1d6e1f067b86af9b3d6a0d8a82ea76/dblp},
  ee = {http://dx.doi.org/10.1007/s12369-013-0189-8},
  interhash = {2d5b98d6097befd99d225ad4f80601f3},
  intrahash = {1c1d6e1f067b86af9b3d6a0d8a82ea76},
  journal = {I. J. Social Robotics},
  keywords = {dblp},
  number = 3,
  pages = {367-378},
  timestamp = {2013-08-30T00:00:00.000+0200},
  title = {Automated Proxemic Feature Extraction and Behavior Recognition: Applications in Human-Robot Interaction.},
  url = {http://dblp.uni-trier.de/db/journals/ijsr/ijsr5.html#MeadAM13},
  volume = 5,
  year = 2013
}
@article{Scheutz:2007:FST:1232660.1232675,
 author = {Scheutz, Matthias and Schermerhorn, Paul and Kramer, James and Anderson, David},
 title = {First Steps Toward Natural Human-like HRI},
 journal = {Auton. Robots},
 issue_date = {May       2007},
 volume = {22},
 number = {4},
 month = may,
 year = {2007},
 issn = {0929-5593},
 pages = {411--423},
 numpages = {13},
 url = {http://dx.doi.org/10.1007/s10514-006-9018-3},
 doi = {10.1007/s10514-006-9018-3},
 acmid = {1232675},
 publisher = {Kluwer Academic Publishers},
 address = {Hingham, MA, USA},
 keywords = {Affective robotic architectures, Distributed robotic infrastructure, Human-robot interaction},
} 